<record><leader>00000cas a2200000 a 4500</leader><controlfield tag="001">11035603</controlfield><controlfield tag="008">840809d184u1871aluwr ne      0    0eng d</controlfield><datafield ind1=" " ind2=" " tag="010"><subfield code="a">sn 84023599 </subfield></datafield><datafield ind1=" " ind2=" " tag="040"><subfield code="a">AQM</subfield><subfield code="b">eng</subfield><subfield code="c">AQM</subfield><subfield code="d">NPX</subfield><subfield code="d">NPT</subfield><subfield code="d">CPN</subfield><subfield code="d">NLG</subfield><subfield code="d">OCL</subfield><subfield code="d">OCLCQ</subfield></datafield><datafield ind1=" " ind2=" " tag="042"><subfield code="a">msc</subfield></datafield><datafield ind1="0" ind2=" " tag="130"><subfield code="a">Tuscaloosa observer (Tuscaloosa, Ala. : 1847)</subfield></datafield><datafield ind1="1" ind2="4" tag="245"><subfield code="a">The Tuscaloosa observer.</subfield></datafield><datafield ind1="3" ind2="0" tag="246"><subfield code="a">Observer</subfield></datafield><datafield ind1="1" ind2="7" tag="246"><subfield code="a">Observer and flag of Alabama</subfield></datafield><datafield ind1=" " ind2=" " tag="260"><subfield code="a">Tuscaloosa, Ala. :</subfield><subfield code="b">J.F. Warren</subfield></datafield><datafield ind1=" " ind2=" " tag="300"><subfield code="a">v.</subfield></datafield><datafield ind1=" " ind2=" " tag="310"><subfield code="a">Weekly</subfield></datafield><datafield ind1=" " ind2=" " tag="500"><subfield code="a">Published as: The Observer, &lt;1864&gt;.</subfield></datafield><datafield ind1=" " ind2=" " tag="500"><subfield code="a">Editors: N.H. Brown, &lt;1851&gt;; J.F. Warren, &lt;1865&gt;.</subfield></datafield><datafield ind1=" " ind2=" " tag="588"><subfield code="a">Description based on: Vol. 1, no. 10 (Mar. 5, 1847).</subfield></datafield><datafield ind1="1" ind2=" " tag="700"><subfield code="a">Brown, N. H.</subfield></datafield><datafield ind1="1" ind2=" " tag="700"><subfield code="a">Warren, John F.</subfield></datafield><datafield ind1=" " ind2=" " tag="752"><subfield code="a">United States</subfield><subfield code="b">Alabama</subfield><subfield code="c">Tuscaloosa</subfield><subfield code="d">Tuscaloosa.</subfield></datafield><datafield ind1="0" ind2="7" tag="785"><subfield code="t">Independent monitor</subfield><subfield code="w">(DLC)sn 82014193</subfield></datafield><datafield ind1="0" ind2="7" tag="785"><subfield code="t">Tuscaloosa times</subfield><subfield code="w">(DLC)sn 84023610</subfield></datafield></record>